{
    "META":
    [
      {
        "date": "2023-12-31",
        "symbol": "META",
        "reportedCurrency": "USD",
        "cik": "0001326801",
        "fillingDate": "2024-02-02",
        "acceptedDate": "2024-02-01 19:39:02",
        "calendarYear": "2023",
        "period": "FY",
        "revenue": 134902000000,
        "costOfRevenue": 25959000000,
        "grossProfit": 108943000000,
        "grossProfitRatio": 0.8075714222,
        "researchAndDevelopmentExpenses": 38483000000,
        "generalAndAdministrativeExpenses": 11408000000,
        "sellingAndMarketingExpenses": 12301000000,
        "sellingGeneralAndAdministrativeExpenses": 23709000000,
        "otherExpenses": 0,
        "operatingExpenses": 62192000000,
        "costAndExpenses": 88151000000,
        "interestIncome": 1639000000,
        "interestExpense": 446000000,
        "depreciationAndAmortization": 11178000000,
        "ebitda": 57929000000,
        "ebitdaratio": 0.4294154275,
        "operatingIncome": 46751000000,
        "operatingIncomeRatio": 0.3465552772,
        "totalOtherIncomeExpensesNet": -366000000,
        "incomeBeforeTax": 47428000000,
        "incomeBeforeTaxRatio": 0.351573735,
        "incomeTaxExpense": 8330000000,
        "netIncome": 39098000000,
        "netIncomeRatio": 0.2898252064,
        "eps": 15.19,
        "epsdiluted": 14.87,
        "weightedAverageShsOut": 2574000000,
        "weightedAverageShsOutDil": 2629000000,
        "link": "https://www.sec.gov/Archives/edgar/data/1326801/000132680124000012/0001326801-24-000012-index.htm",
        "finalLink": "https://www.sec.gov/Archives/edgar/data/1326801/000132680124000012/meta-20231231.htm"
      },
      {
        "date": "2022-12-31",
        "symbol": "META",
        "reportedCurrency": "USD",
        "cik": "0001326801",
        "fillingDate": "2023-02-02",
        "acceptedDate": "2023-02-01 20:26:31",
        "calendarYear": "2022",
        "period": "FY",
        "revenue": 116609000000,
        "costOfRevenue": 25249000000,
        "grossProfit": 91360000000,
        "grossProfitRatio": 0.7834729738,
        "researchAndDevelopmentExpenses": 35338000000,
        "generalAndAdministrativeExpenses": 11816000000,
        "sellingAndMarketingExpenses": 15262000000,
        "sellingGeneralAndAdministrativeExpenses": 27078000000,
        "otherExpenses": -320000000,
        "operatingExpenses": 62416000000,
        "costAndExpenses": 87665000000,
        "interestIncome": 276000000,
        "interestExpense": 276000000,
        "depreciationAndAmortization": 8686000000,
        "ebitda": 37630000000,
        "ebitdaratio": 0.3227023643,
        "operatingIncome": 28944000000,
        "operatingIncomeRatio": 0.2482141173,
        "totalOtherIncomeExpensesNet": -401000000,
        "incomeBeforeTax": 28819000000,
        "incomeBeforeTaxRatio": 0.2471421588,
        "incomeTaxExpense": 5619000000,
        "netIncome": 23200000000,
        "netIncomeRatio": 0.1989554837,
        "eps": 8.63,
        "epsdiluted": 8.59,
        "weightedAverageShsOut": 2687000000,
        "weightedAverageShsOutDil": 2702000000,
        "link": "https://www.sec.gov/Archives/edgar/data/1326801/000132680123000013/0001326801-23-000013-index.htm",
        "finalLink": "https://www.sec.gov/Archives/edgar/data/1326801/000132680123000013/meta-20221231.htm"
      },
      {
        "date": "2021-12-31",
        "symbol": "META",
        "reportedCurrency": "USD",
        "cik": "0001326801",
        "fillingDate": "2022-02-03",
        "acceptedDate": "2022-02-02 21:11:04",
        "calendarYear": "2021",
        "period": "FY",
        "revenue": 117929000000,
        "costOfRevenue": 22649000000,
        "grossProfit": 95280000000,
        "grossProfitRatio": 0.8079437628,
        "researchAndDevelopmentExpenses": 24655000000,
        "generalAndAdministrativeExpenses": 9829000000,
        "sellingAndMarketingExpenses": 14043000000,
        "sellingGeneralAndAdministrativeExpenses": 23872000000,
        "otherExpenses": 210000000,
        "operatingExpenses": 48527000000,
        "costAndExpenses": 71176000000,
        "interestIncome": 531000000,
        "interestExpense": 461000000,
        "depreciationAndAmortization": 7967000000,
        "ebitda": 54720000000,
        "ebitdaratio": 0.4640080048,
        "operatingIncome": 46753000000,
        "operatingIncomeRatio": 0.3964504066,
        "totalOtherIncomeExpensesNet": 70000000,
        "incomeBeforeTax": 47284000000,
        "incomeBeforeTaxRatio": 0.4009531159,
        "incomeTaxExpense": 7914000000,
        "netIncome": 39370000000,
        "netIncomeRatio": 0.3338449406,
        "eps": 13.99,
        "epsdiluted": 13.77,
        "weightedAverageShsOut": 2815000000,
        "weightedAverageShsOutDil": 2859000000,
        "link": "https://www.sec.gov/Archives/edgar/data/1326801/000132680122000018/0001326801-22-000018-index.htm",
        "finalLink": "https://www.sec.gov/Archives/edgar/data/1326801/000132680122000018/fb-20211231.htm"
      },
      {
        "date": "2020-12-31",
        "symbol": "META",
        "reportedCurrency": "USD",
        "cik": "0001326801",
        "fillingDate": "2021-01-28",
        "acceptedDate": "2021-01-27 21:13:48",
        "calendarYear": "2020",
        "period": "FY",
        "revenue": 85965000000,
        "costOfRevenue": 16692000000,
        "grossProfit": 69273000000,
        "grossProfitRatio": 0.8058279532,
        "researchAndDevelopmentExpenses": 18447000000,
        "generalAndAdministrativeExpenses": 6564000000,
        "sellingAndMarketingExpenses": 11591000000,
        "sellingGeneralAndAdministrativeExpenses": 18155000000,
        "otherExpenses": -34000000,
        "operatingExpenses": 36602000000,
        "costAndExpenses": 53294000000,
        "interestIncome": 509000000,
        "interestExpense": 672000000,
        "depreciationAndAmortization": 6862000000,
        "ebitda": 39533000000,
        "ebitdaratio": 0.4598732042,
        "operatingIncome": 32671000000,
        "operatingIncomeRatio": 0.3800500204,
        "totalOtherIncomeExpensesNet": -163000000,
        "incomeBeforeTax": 33180000000,
        "incomeBeforeTaxRatio": 0.3859710347,
        "incomeTaxExpense": 4034000000,
        "netIncome": 29146000000,
        "netIncomeRatio": 0.3390449602,
        "eps": 10.22,
        "epsdiluted": 10.09,
        "weightedAverageShsOut": 2851000000,
        "weightedAverageShsOutDil": 2888000000,
        "link": "https://www.sec.gov/Archives/edgar/data/1326801/000132680121000014/0001326801-21-000014-index.htm",
        "finalLink": "https://www.sec.gov/Archives/edgar/data/1326801/000132680121000014/fb-20201231.htm"
      },
      {
        "date": "2019-12-31",
        "symbol": "META",
        "reportedCurrency": "USD",
        "cik": "0001326801",
        "fillingDate": "2020-01-30",
        "acceptedDate": "2020-01-29 21:12:14",
        "calendarYear": "2019",
        "period": "FY",
        "revenue": 70697000000,
        "costOfRevenue": 12770000000,
        "grossProfit": 57927000000,
        "grossProfitRatio": 0.8193699874,
        "researchAndDevelopmentExpenses": 13600000000,
        "generalAndAdministrativeExpenses": 10465000000,
        "sellingAndMarketingExpenses": 9876000000,
        "sellingGeneralAndAdministrativeExpenses": 20341000000,
        "otherExpenses": 27000000,
        "operatingExpenses": 33941000000,
        "costAndExpenses": 46711000000,
        "interestIncome": 924000000,
        "interestExpense": 20000000,
        "depreciationAndAmortization": 5741000000,
        "ebitda": 29727000000,
        "ebitdaratio": 0.4204846033,
        "operatingIncome": 23986000000,
        "operatingIncomeRatio": 0.3392788944,
        "totalOtherIncomeExpensesNet": -78000000,
        "incomeBeforeTax": 24812000000,
        "incomeBeforeTaxRatio": 0.3509625585,
        "incomeTaxExpense": 6327000000,
        "netIncome": 18485000000,
        "netIncomeRatio": 0.2614679548,
        "eps": 6.48,
        "epsdiluted": 6.43,
        "weightedAverageShsOut": 2854000000,
        "weightedAverageShsOutDil": 2876000000,
        "link": "https://www.sec.gov/Archives/edgar/data/1326801/000132680120000013/0001326801-20-000013-index.htm",
        "finalLink": "https://www.sec.gov/Archives/edgar/data/1326801/000132680120000013/fb-12312019x10k.htm"
      }
    ],
    "DLO": 
    [
      {
        "date": "2023-12-31",
        "symbol": "DLO",
        "reportedCurrency": "USD",
        "cik": "0001846832",
        "fillingDate": "2024-03-19",
        "acceptedDate": "2024-03-19 16:21:52",
        "calendarYear": "2023",
        "period": "FY",
        "revenue": 650351000,
        "costOfRevenue": 373492000,
        "grossProfit": 276859000,
        "grossProfitRatio": 0.4257070413,
        "researchAndDevelopmentExpenses": 12650000,
        "generalAndAdministrativeExpenses": 67053000,
        "sellingAndMarketingExpenses": 17120000,
        "sellingGeneralAndAdministrativeExpenses": 84173000,
        "otherExpenses": 0,
        "operatingExpenses": 100338000,
        "costAndExpenses": 473830000,
        "interestIncome": 49588000,
        "interestExpense": 578000,
        "depreciationAndAmortization": 12225000,
        "ebitda": 122078000,
        "ebitdaratio": 0.1877109438,
        "operatingIncome": 179657000,
        "operatingIncomeRatio": 0.2762462117,
        "totalOtherIncomeExpensesNet": 69239000,
        "incomeBeforeTax": 178514000,
        "incomeBeforeTaxRatio": 0.2744886992,
        "incomeTaxExpense": 29428000,
        "netIncome": 148964000,
        "netIncomeRatio": 0.2290516967,
        "eps": 0.51,
        "epsdiluted": 0.49,
        "weightedAverageShsOut": 304008163,
        "weightedAverageShsOutDil": 302958428,
        "link": "https://www.sec.gov/Archives/edgar/data/1846832/000095017024033510/0000950170-24-033510-index.htm",
        "finalLink": "https://www.sec.gov/Archives/edgar/data/1846832/000095017024033510/dlo-20231231.htm"
      },
      {
        "date": "2022-12-31",
        "symbol": "DLO",
        "reportedCurrency": "USD",
        "cik": "0001846832",
        "fillingDate": "2023-04-05",
        "acceptedDate": "2023-04-05 17:15:21",
        "calendarYear": "2022",
        "period": "FY",
        "revenue": 418925000,
        "costOfRevenue": 216758000,
        "grossProfit": 202167000,
        "grossProfitRatio": 0.4825851883,
        "researchAndDevelopmentExpenses": 6348000,
        "generalAndAdministrativeExpenses": 48343000,
        "sellingAndMarketingExpenses": 13335000,
        "sellingGeneralAndAdministrativeExpenses": 61678000,
        "otherExpenses": 697000,
        "operatingExpenses": 68723000,
        "costAndExpenses": 285481000,
        "interestIncome": 18078000,
        "interestExpense": 24668000,
        "depreciationAndAmortization": 22575000,
        "ebitda": 150485000,
        "ebitdaratio": 0.3592170436,
        "operatingIncome": 127910000,
        "operatingIncomeRatio": 0.3053291162,
        "totalOtherIncomeExpensesNet": -7627000,
        "incomeBeforeTax": 120283000,
        "incomeBeforeTaxRatio": 0.2871229934,
        "incomeTaxExpense": 11586000,
        "netIncome": 108683000,
        "netIncomeRatio": 0.2594330727,
        "eps": 0.37,
        "epsdiluted": 0.37,
        "weightedAverageShsOut": 296029870,
        "weightedAverageShsOutDil": 296029870,
        "link": "https://www.sec.gov/Archives/edgar/data/1846832/000095017023011942/0000950170-23-011942-index.htm",
        "finalLink": "https://www.sec.gov/Archives/edgar/data/1846832/000095017023011942/dlo-20221231.htm"
      },
      {
        "date": "2021-12-31",
        "symbol": "DLO",
        "reportedCurrency": "USD",
        "cik": "0001846832",
        "fillingDate": "2022-05-02",
        "acceptedDate": "2022-05-02 09:18:59",
        "calendarYear": "2021",
        "period": "FY",
        "revenue": 244120000,
        "costOfRevenue": 113677000,
        "grossProfit": 130443000,
        "grossProfitRatio": 0.534339669,
        "researchAndDevelopmentExpenses": 3386000,
        "generalAndAdministrativeExpenses": 38234000,
        "sellingAndMarketingExpenses": 5916000,
        "sellingGeneralAndAdministrativeExpenses": 44150000,
        "otherExpenses": -964000,
        "operatingExpenses": 46572000,
        "costAndExpenses": 160249000,
        "interestIncome": 2556000,
        "interestExpense": 142000,
        "depreciationAndAmortization": 6600000,
        "ebitda": 90438000,
        "ebitdaratio": 0.3704653449,
        "operatingIncome": 83838000,
        "operatingIncomeRatio": 0.3434294609,
        "totalOtherIncomeExpensesNet": 1662000,
        "incomeBeforeTax": 85500000,
        "incomeBeforeTaxRatio": 0.3502375881,
        "incomeTaxExpense": 7647000,
        "netIncome": 77876000,
        "netIncomeRatio": 0.3190070457,
        "eps": 0.26,
        "epsdiluted": 0.26,
        "weightedAverageShsOut": 295028441,
        "weightedAverageShsOutDil": 295028441,
        "link": "https://www.sec.gov/Archives/edgar/data/1846832/000095017022006790/0000950170-22-006790-index.htm",
        "finalLink": "https://www.sec.gov/Archives/edgar/data/1846832/000095017022006790/dlo-20211231.htm"
      },
      {
        "date": "2020-12-31",
        "symbol": "DLO",
        "reportedCurrency": "USD",
        "cik": "0001846832",
        "fillingDate": "2020-12-31",
        "acceptedDate": "2020-12-31 00:00:00",
        "calendarYear": "2020",
        "period": "FY",
        "revenue": 104143000,
        "costOfRevenue": 44065000,
        "grossProfit": 60078000,
        "grossProfitRatio": 0.5768798671,
        "researchAndDevelopmentExpenses": 2005000,
        "generalAndAdministrativeExpenses": 19877000,
        "sellingAndMarketingExpenses": 2852000,
        "sellingGeneralAndAdministrativeExpenses": 22729000,
        "otherExpenses": 2311000,
        "operatingExpenses": 27045000,
        "costAndExpenses": 71110000,
        "interestIncome": 443000,
        "interestExpense": 20000,
        "depreciationAndAmortization": 3564000,
        "ebitda": 34509000,
        "ebitdaratio": 0.3313616854,
        "operatingIncome": 30945000,
        "operatingIncomeRatio": 0.2971395101,
        "totalOtherIncomeExpensesNet": 473000,
        "incomeBeforeTax": 31418000,
        "incomeBeforeTaxRatio": 0.301681342,
        "incomeTaxExpense": 3231000,
        "netIncome": 28184000,
        "netIncomeRatio": 0.2706278867,
        "eps": 0.0962,
        "epsdiluted": 0.0962,
        "weightedAverageShsOut": 292915765,
        "weightedAverageShsOutDil": 292915765,
        "link": null,
        "finalLink": null
      },
      {
        "date": "2019-12-31",
        "symbol": "DLO",
        "reportedCurrency": "USD",
        "cik": "0001846832",
        "fillingDate": "2019-12-31",
        "acceptedDate": "2019-12-31 00:00:00",
        "calendarYear": "2019",
        "period": "FY",
        "revenue": 55289000,
        "costOfRevenue": 19413000,
        "grossProfit": 35876000,
        "grossProfitRatio": 0.6488813326,
        "researchAndDevelopmentExpenses": 1347000,
        "generalAndAdministrativeExpenses": 13866000,
        "sellingAndMarketingExpenses": 2057000,
        "sellingGeneralAndAdministrativeExpenses": 15923000,
        "otherExpenses": 235000,
        "operatingExpenses": 17505000,
        "costAndExpenses": 36918000,
        "interestIncome": 217000,
        "interestExpense": 30000,
        "depreciationAndAmortization": 1449000,
        "ebitda": 19013000,
        "ebitdaratio": 0.3438839552,
        "operatingIncome": 17564000,
        "operatingIncomeRatio": 0.3176762105,
        "totalOtherIncomeExpensesNet": 259000,
        "incomeBeforeTax": 17823000,
        "incomeBeforeTaxRatio": 0.3223606866,
        "incomeTaxExpense": 2221000,
        "netIncome": 15602000,
        "netIncomeRatio": 0.2821899474,
        "eps": 0.0533,
        "epsdiluted": 0.0533,
        "weightedAverageShsOut": 292915765,
        "weightedAverageShsOutDil": 292915765,
        "link": null,
        "finalLink": null
      }
    ],
    "AAPL":
    [
      {
        "date": "2023-09-30",
        "symbol": "AAPL",
        "reportedCurrency": "USD",
        "cik": "0000320193",
        "fillingDate": "2023-11-03",
        "acceptedDate": "2023-11-02 18:08:27",
        "calendarYear": "2023",
        "period": "FY",
        "revenue": 383285000000,
        "costOfRevenue": 214137000000,
        "grossProfit": 169148000000,
        "grossProfitRatio": 0.4413112958,
        "researchAndDevelopmentExpenses": 29915000000,
        "generalAndAdministrativeExpenses": 0,
        "sellingAndMarketingExpenses": 0,
        "sellingGeneralAndAdministrativeExpenses": 24932000000,
        "otherExpenses": -565000000,
        "operatingExpenses": 54847000000,
        "costAndExpenses": 268984000000,
        "interestIncome": 3750000000,
        "interestExpense": 3933000000,
        "depreciationAndAmortization": 11519000000,
        "ebitda": 125820000000,
        "ebitdaratio": 0.3282674772,
        "operatingIncome": 114301000000,
        "operatingIncomeRatio": 0.2982141227,
        "totalOtherIncomeExpensesNet": -565000000,
        "incomeBeforeTax": 113736000000,
        "incomeBeforeTaxRatio": 0.2967400237,
        "incomeTaxExpense": 16741000000,
        "netIncome": 96995000000,
        "netIncomeRatio": 0.2530623426,
        "eps": 6.16,
        "epsdiluted": 6.13,
        "weightedAverageShsOut": 15744231000,
        "weightedAverageShsOutDil": 15812547000,
        "link": "https://www.sec.gov/Archives/edgar/data/320193/000032019323000106/0000320193-23-000106-index.htm",
        "finalLink": "https://www.sec.gov/Archives/edgar/data/320193/000032019323000106/aapl-20230930.htm"
      },
      {
        "date": "2022-09-24",
        "symbol": "AAPL",
        "reportedCurrency": "USD",
        "cik": "0000320193",
        "fillingDate": "2022-10-28",
        "acceptedDate": "2022-10-27 18:01:14",
        "calendarYear": "2022",
        "period": "FY",
        "revenue": 394328000000,
        "costOfRevenue": 223546000000,
        "grossProfit": 170782000000,
        "grossProfitRatio": 0.4330963056,
        "researchAndDevelopmentExpenses": 26251000000,
        "generalAndAdministrativeExpenses": 0,
        "sellingAndMarketingExpenses": 0,
        "sellingGeneralAndAdministrativeExpenses": 25094000000,
        "otherExpenses": -334000000,
        "operatingExpenses": 51345000000,
        "costAndExpenses": 274891000000,
        "interestIncome": 2825000000,
        "interestExpense": 2931000000,
        "depreciationAndAmortization": 11104000000,
        "ebitda": 130541000000,
        "ebitdaratio": 0.3310467428,
        "operatingIncome": 119437000000,
        "operatingIncomeRatio": 0.302887444,
        "totalOtherIncomeExpensesNet": -334000000,
        "incomeBeforeTax": 119103000000,
        "incomeBeforeTaxRatio": 0.3020404333,
        "incomeTaxExpense": 19300000000,
        "netIncome": 99803000000,
        "netIncomeRatio": 0.2530964071,
        "eps": 6.15,
        "epsdiluted": 6.11,
        "weightedAverageShsOut": 16215963000,
        "weightedAverageShsOutDil": 16325819000,
        "link": "https://www.sec.gov/Archives/edgar/data/320193/000032019322000108/0000320193-22-000108-index.htm",
        "finalLink": "https://www.sec.gov/Archives/edgar/data/320193/000032019322000108/aapl-20220924.htm"
      },
      {
        "date": "2021-09-25",
        "symbol": "AAPL",
        "reportedCurrency": "USD",
        "cik": "0000320193",
        "fillingDate": "2021-10-29",
        "acceptedDate": "2021-10-28 18:04:28",
        "calendarYear": "2021",
        "period": "FY",
        "revenue": 365817000000,
        "costOfRevenue": 212981000000,
        "grossProfit": 152836000000,
        "grossProfitRatio": 0.4177935963,
        "researchAndDevelopmentExpenses": 21914000000,
        "generalAndAdministrativeExpenses": 0,
        "sellingAndMarketingExpenses": 0,
        "sellingGeneralAndAdministrativeExpenses": 21973000000,
        "otherExpenses": 258000000,
        "operatingExpenses": 43887000000,
        "costAndExpenses": 256868000000,
        "interestIncome": 2843000000,
        "interestExpense": 2645000000,
        "depreciationAndAmortization": 11284000000,
        "ebitda": 120233000000,
        "ebitdaratio": 0.3286697994,
        "operatingIncome": 108949000000,
        "operatingIncomeRatio": 0.2978237753,
        "totalOtherIncomeExpensesNet": 258000000,
        "incomeBeforeTax": 109207000000,
        "incomeBeforeTaxRatio": 0.2985290459,
        "incomeTaxExpense": 14527000000,
        "netIncome": 94680000000,
        "netIncomeRatio": 0.2588179336,
        "eps": 5.67,
        "epsdiluted": 5.61,
        "weightedAverageShsOut": 16701272000,
        "weightedAverageShsOutDil": 16864919000,
        "link": "https://www.sec.gov/Archives/edgar/data/320193/000032019321000105/0000320193-21-000105-index.htm",
        "finalLink": "https://www.sec.gov/Archives/edgar/data/320193/000032019321000105/aapl-20210925.htm"
      },
      {
        "date": "2020-09-26",
        "symbol": "AAPL",
        "reportedCurrency": "USD",
        "cik": "0000320193",
        "fillingDate": "2020-10-30",
        "acceptedDate": "2020-10-29 18:06:25",
        "calendarYear": "2020",
        "period": "FY",
        "revenue": 274515000000,
        "costOfRevenue": 169559000000,
        "grossProfit": 104956000000,
        "grossProfitRatio": 0.3823324773,
        "researchAndDevelopmentExpenses": 18752000000,
        "generalAndAdministrativeExpenses": 0,
        "sellingAndMarketingExpenses": 0,
        "sellingGeneralAndAdministrativeExpenses": 19916000000,
        "otherExpenses": 803000000,
        "operatingExpenses": 38668000000,
        "costAndExpenses": 208227000000,
        "interestIncome": 3763000000,
        "interestExpense": 2873000000,
        "depreciationAndAmortization": 11056000000,
        "ebitda": 77344000000,
        "ebitdaratio": 0.2817478098,
        "operatingIncome": 66288000000,
        "operatingIncomeRatio": 0.2414731435,
        "totalOtherIncomeExpensesNet": 803000000,
        "incomeBeforeTax": 67091000000,
        "incomeBeforeTaxRatio": 0.2443983025,
        "incomeTaxExpense": 9680000000,
        "netIncome": 57411000000,
        "netIncomeRatio": 0.2091361128,
        "eps": 3.31,
        "epsdiluted": 3.28,
        "weightedAverageShsOut": 17352119000,
        "weightedAverageShsOutDil": 17528214000,
        "link": "https://www.sec.gov/Archives/edgar/data/320193/000032019320000096/0000320193-20-000096-index.htm",
        "finalLink": "https://www.sec.gov/Archives/edgar/data/320193/000032019320000096/aapl-20200926.htm"
      },
      {
        "date": "2019-09-28",
        "symbol": "AAPL",
        "reportedCurrency": "USD",
        "cik": "0000320193",
        "fillingDate": "2019-10-31",
        "acceptedDate": "2019-10-30 18:12:36",
        "calendarYear": "2019",
        "period": "FY",
        "revenue": 260174000000,
        "costOfRevenue": 161782000000,
        "grossProfit": 98392000000,
        "grossProfitRatio": 0.3781776811,
        "researchAndDevelopmentExpenses": 16217000000,
        "generalAndAdministrativeExpenses": 0,
        "sellingAndMarketingExpenses": 0,
        "sellingGeneralAndAdministrativeExpenses": 18245000000,
        "otherExpenses": 1807000000,
        "operatingExpenses": 34462000000,
        "costAndExpenses": 196244000000,
        "interestIncome": 4961000000,
        "interestExpense": 3576000000,
        "depreciationAndAmortization": 12547000000,
        "ebitda": 76477000000,
        "ebitdaratio": 0.2939455903,
        "operatingIncome": 63930000000,
        "operatingIncomeRatio": 0.2457201719,
        "totalOtherIncomeExpensesNet": 1807000000,
        "incomeBeforeTax": 65737000000,
        "incomeBeforeTaxRatio": 0.2526655238,
        "incomeTaxExpense": 10481000000,
        "netIncome": 55256000000,
        "netIncomeRatio": 0.2123809451,
        "eps": 2.99,
        "epsdiluted": 2.97,
        "weightedAverageShsOut": 18471336000,
        "weightedAverageShsOutDil": 18595652000,
        "link": "https://www.sec.gov/Archives/edgar/data/320193/000032019319000119/0000320193-19-000119-index.htm",
        "finalLink": "https://www.sec.gov/Archives/edgar/data/320193/000032019319000119/a10-k20199282019.htm"
      }
    ],
    "GOOGL":
    [
      {
        "date": "2023-12-31",
        "symbol": "GOOGL",
        "reportedCurrency": "USD",
        "cik": "0001652044",
        "fillingDate": "2024-01-31",
        "acceptedDate": "2024-01-30 21:43:43",
        "calendarYear": "2023",
        "period": "FY",
        "revenue": 307394000000,
        "costOfRevenue": 133332000000,
        "grossProfit": 174062000000,
        "grossProfitRatio": 0.5662504798,
        "researchAndDevelopmentExpenses": 45427000000,
        "generalAndAdministrativeExpenses": 16425000000,
        "sellingAndMarketingExpenses": 27917000000,
        "sellingGeneralAndAdministrativeExpenses": 44342000000,
        "otherExpenses": 556000000,
        "operatingExpenses": 89769000000,
        "costAndExpenses": 223101000000,
        "interestIncome": 3865000000,
        "interestExpense": 308000000,
        "depreciationAndAmortization": 11946000000,
        "ebitda": 100032000000,
        "ebitdaratio": 0.3254194942,
        "operatingIncome": 84293000000,
        "operatingIncomeRatio": 0.2742181045,
        "totalOtherIncomeExpensesNet": -2133000000,
        "incomeBeforeTax": 85717000000,
        "incomeBeforeTaxRatio": 0.2788505957,
        "incomeTaxExpense": 11922000000,
        "netIncome": 73795000000,
        "netIncomeRatio": 0.2400664945,
        "eps": 5.84,
        "epsdiluted": 5.8,
        "weightedAverageShsOut": 12630000000,
        "weightedAverageShsOutDil": 12722000000,
        "link": "https://www.sec.gov/Archives/edgar/data/1652044/000165204424000022/0001652044-24-000022-index.htm",
        "finalLink": "https://www.sec.gov/Archives/edgar/data/1652044/000165204424000022/goog-20231231.htm"
      },
      {
        "date": "2022-12-31",
        "symbol": "GOOGL",
        "reportedCurrency": "USD",
        "cik": "0001652044",
        "fillingDate": "2023-02-03",
        "acceptedDate": "2023-02-02 21:23:45",
        "calendarYear": "2022",
        "period": "FY",
        "revenue": 282836000000,
        "costOfRevenue": 126203000000,
        "grossProfit": 156633000000,
        "grossProfitRatio": 0.553794425,
        "researchAndDevelopmentExpenses": 39500000000,
        "generalAndAdministrativeExpenses": 15724000000,
        "sellingAndMarketingExpenses": 26567000000,
        "sellingGeneralAndAdministrativeExpenses": 42291000000,
        "otherExpenses": -3514000000,
        "operatingExpenses": 81791000000,
        "costAndExpenses": 207994000000,
        "interestIncome": 2174000000,
        "interestExpense": 357000000,
        "depreciationAndAmortization": 15928000000,
        "ebitda": 90770000000,
        "ebitdaratio": 0.320928029,
        "operatingIncome": 74842000000,
        "operatingIncomeRatio": 0.2646127084,
        "totalOtherIncomeExpensesNet": -3514000000,
        "incomeBeforeTax": 71328000000,
        "incomeBeforeTaxRatio": 0.2521885474,
        "incomeTaxExpense": 11356000000,
        "netIncome": 59972000000,
        "netIncomeRatio": 0.2120380715,
        "eps": 4.59,
        "epsdiluted": 4.56,
        "weightedAverageShsOut": 13063000000,
        "weightedAverageShsOutDil": 13159000000,
        "link": "https://www.sec.gov/Archives/edgar/data/1652044/000165204423000016/0001652044-23-000016-index.htm",
        "finalLink": "https://www.sec.gov/Archives/edgar/data/1652044/000165204423000016/goog-20221231.htm"
      },
      {
        "date": "2021-12-31",
        "symbol": "GOOGL",
        "reportedCurrency": "USD",
        "cik": "0001652044",
        "fillingDate": "2022-02-02",
        "acceptedDate": "2022-02-01 21:08:02",
        "calendarYear": "2021",
        "period": "FY",
        "revenue": 257637000000,
        "costOfRevenue": 110939000000,
        "grossProfit": 146698000000,
        "grossProfitRatio": 0.569398029,
        "researchAndDevelopmentExpenses": 31562000000,
        "generalAndAdministrativeExpenses": 13510000000,
        "sellingAndMarketingExpenses": 22912000000,
        "sellingGeneralAndAdministrativeExpenses": 36422000000,
        "otherExpenses": 12020000000,
        "operatingExpenses": 67984000000,
        "costAndExpenses": 178923000000,
        "interestIncome": 1499000000,
        "interestExpense": 346000000,
        "depreciationAndAmortization": 12441000000,
        "ebitda": 91155000000,
        "ebitdaratio": 0.3538117584,
        "operatingIncome": 78714000000,
        "operatingIncomeRatio": 0.3055228869,
        "totalOtherIncomeExpensesNet": 12020000000,
        "incomeBeforeTax": 90734000000,
        "incomeBeforeTaxRatio": 0.3521776763,
        "incomeTaxExpense": 14701000000,
        "netIncome": 76033000000,
        "netIncomeRatio": 0.2951167728,
        "eps": 5.69,
        "epsdiluted": 5.61,
        "weightedAverageShsOut": 13353000000,
        "weightedAverageShsOutDil": 13553480000,
        "link": "https://www.sec.gov/Archives/edgar/data/1652044/000165204422000019/0001652044-22-000019-index.htm",
        "finalLink": "https://www.sec.gov/Archives/edgar/data/1652044/000165204422000019/goog-20211231.htm"
      },
      {
        "date": "2020-12-31",
        "symbol": "GOOGL",
        "reportedCurrency": "USD",
        "cik": "0001652044",
        "fillingDate": "2021-02-03",
        "acceptedDate": "2021-02-02 20:12:25",
        "calendarYear": "2020",
        "period": "FY",
        "revenue": 182527000000,
        "costOfRevenue": 84732000000,
        "grossProfit": 97795000000,
        "grossProfitRatio": 0.5357837471,
        "researchAndDevelopmentExpenses": 27573000000,
        "generalAndAdministrativeExpenses": 11052000000,
        "sellingAndMarketingExpenses": 17946000000,
        "sellingGeneralAndAdministrativeExpenses": 28998000000,
        "otherExpenses": 6858000000,
        "operatingExpenses": 56571000000,
        "costAndExpenses": 141303000000,
        "interestIncome": 1865000000,
        "interestExpense": 135000000,
        "depreciationAndAmortization": 13697000000,
        "ebitda": 54921000000,
        "ebitdaratio": 0.3008924707,
        "operatingIncome": 41224000000,
        "operatingIncomeRatio": 0.2258515179,
        "totalOtherIncomeExpensesNet": 6858000000,
        "incomeBeforeTax": 48082000000,
        "incomeBeforeTaxRatio": 0.2634240414,
        "incomeTaxExpense": 7813000000,
        "netIncome": 40269000000,
        "netIncomeRatio": 0.2206194152,
        "eps": 2.96,
        "epsdiluted": 2.93,
        "weightedAverageShsOut": 13616320000,
        "weightedAverageShsOutDil": 13740560000,
        "link": "https://www.sec.gov/Archives/edgar/data/1652044/000165204421000010/0001652044-21-000010-index.htm",
        "finalLink": "https://www.sec.gov/Archives/edgar/data/1652044/000165204421000010/goog-20201231.htm"
      },
      {
        "date": "2019-12-31",
        "symbol": "GOOGL",
        "reportedCurrency": "USD",
        "cik": "0001652044",
        "fillingDate": "2020-02-04",
        "acceptedDate": "2020-02-03 21:03:59",
        "calendarYear": "2019",
        "period": "FY",
        "revenue": 161857000000,
        "costOfRevenue": 71896000000,
        "grossProfit": 89961000000,
        "grossProfitRatio": 0.5558054332,
        "researchAndDevelopmentExpenses": 26018000000,
        "generalAndAdministrativeExpenses": 9551000000,
        "sellingAndMarketingExpenses": 18464000000,
        "sellingGeneralAndAdministrativeExpenses": 28015000000,
        "otherExpenses": 5394000000,
        "operatingExpenses": 54033000000,
        "costAndExpenses": 125929000000,
        "interestIncome": 2427000000,
        "interestExpense": 100000000,
        "depreciationAndAmortization": 15175000000,
        "ebitda": 49406000000,
        "ebitdaratio": 0.3052447531,
        "operatingIncome": 34231000000,
        "operatingIncomeRatio": 0.211489154,
        "totalOtherIncomeExpensesNet": 5394000000,
        "incomeBeforeTax": 39625000000,
        "incomeBeforeTaxRatio": 0.2448148674,
        "incomeTaxExpense": 5282000000,
        "netIncome": 34343000000,
        "netIncomeRatio": 0.2121811228,
        "eps": 2.48,
        "epsdiluted": 2.46,
        "weightedAverageShsOut": 13851920000,
        "weightedAverageShsOutDil": 13971120000,
        "link": "https://www.sec.gov/Archives/edgar/data/1652044/000165204420000008/0001652044-20-000008-index.htm",
        "finalLink": "https://www.sec.gov/Archives/edgar/data/1652044/000165204420000008/goog10-k2019.htm"
      }
    ],
    "PYPL":
    [
      {
        "date": "2023-12-31",
        "symbol": "PYPL",
        "reportedCurrency": "USD",
        "cik": "0001633917",
        "fillingDate": "2024-02-08",
        "acceptedDate": "2024-02-07 19:35:06",
        "calendarYear": "2023",
        "period": "FY",
        "revenue": 29771000000,
        "costOfRevenue": 16067000000,
        "grossProfit": 13704000000,
        "grossProfitRatio": 0.4603137281,
        "researchAndDevelopmentExpenses": 2973000000,
        "generalAndAdministrativeExpenses": 2059000000,
        "sellingAndMarketingExpenses": 1809000000,
        "sellingGeneralAndAdministrativeExpenses": 3868000000,
        "otherExpenses": 1919000000,
        "operatingExpenses": 8760000000,
        "costAndExpenses": 24827000000,
        "interestIncome": 480000000,
        "interestExpense": 347000000,
        "depreciationAndAmortization": 1072000000,
        "ebitda": 6545000000,
        "ebitdaratio": 0.2198448154,
        "operatingIncome": 5028000000,
        "operatingIncomeRatio": 0.1688891875,
        "totalOtherIncomeExpensesNet": 334000000,
        "incomeBeforeTax": 5411000000,
        "incomeBeforeTaxRatio": 0.181754056,
        "incomeTaxExpense": 1165000000,
        "netIncome": 4246000000,
        "netIncomeRatio": 0.1426220147,
        "eps": 3.85,
        "epsdiluted": 3.84,
        "weightedAverageShsOut": 1103000000,
        "weightedAverageShsOutDil": 1107000000,
        "link": "https://www.sec.gov/Archives/edgar/data/1633917/000163391724000024/0001633917-24-000024-index.htm",
        "finalLink": "https://www.sec.gov/Archives/edgar/data/1633917/000163391724000024/pypl-20231231.htm"
      },
      {
        "date": "2022-12-31",
        "symbol": "PYPL",
        "reportedCurrency": "USD",
        "cik": "0001633917",
        "fillingDate": "2023-02-10",
        "acceptedDate": "2023-02-09 19:38:19",
        "calendarYear": "2022",
        "period": "FY",
        "revenue": 27518000000,
        "costOfRevenue": 13745000000,
        "grossProfit": 13773000000,
        "grossProfitRatio": 0.5005087579,
        "researchAndDevelopmentExpenses": 3253000000,
        "generalAndAdministrativeExpenses": 2099000000,
        "sellingAndMarketingExpenses": 2257000000,
        "sellingGeneralAndAdministrativeExpenses": 4356000000,
        "otherExpenses": 2120000000,
        "operatingExpenses": 9729000000,
        "costAndExpenses": 23474000000,
        "interestIncome": 174000000,
        "interestExpense": 304000000,
        "depreciationAndAmortization": 1661000000,
        "ebitda": 5498000000,
        "ebitdaratio": 0.1997964968,
        "operatingIncome": 3837000000,
        "operatingIncomeRatio": 0.1394360055,
        "totalOtherIncomeExpensesNet": -471000000,
        "incomeBeforeTax": 3366000000,
        "incomeBeforeTaxRatio": 0.122319936,
        "incomeTaxExpense": 947000000,
        "netIncome": 2419000000,
        "netIncomeRatio": 0.0879060978,
        "eps": 2.1,
        "epsdiluted": 2.09,
        "weightedAverageShsOut": 1154000000,
        "weightedAverageShsOutDil": 1158000000,
        "link": "https://www.sec.gov/Archives/edgar/data/1633917/000163391723000033/0001633917-23-000033-index.htm",
        "finalLink": "https://www.sec.gov/Archives/edgar/data/1633917/000163391723000033/pypl-20221231.htm"
      },
      {
        "date": "2021-12-31",
        "symbol": "PYPL",
        "reportedCurrency": "USD",
        "cik": "0001633917",
        "fillingDate": "2022-02-03",
        "acceptedDate": "2022-02-03 16:55:53",
        "calendarYear": "2021",
        "period": "FY",
        "revenue": 25371000000,
        "costOfRevenue": 11375000000,
        "grossProfit": 13996000000,
        "grossProfitRatio": 0.5516534626,
        "researchAndDevelopmentExpenses": 3038000000,
        "generalAndAdministrativeExpenses": 2114000000,
        "sellingAndMarketingExpenses": 2445000000,
        "sellingGeneralAndAdministrativeExpenses": 4559000000,
        "otherExpenses": 2075000000,
        "operatingExpenses": 9672000000,
        "costAndExpenses": 21047000000,
        "interestIncome": 57000000,
        "interestExpense": 232000000,
        "depreciationAndAmortization": 1350000000,
        "ebitda": 5612000000,
        "ebitdaratio": 0.2211974301,
        "operatingIncome": 4262000000,
        "operatingIncomeRatio": 0.1679870719,
        "totalOtherIncomeExpensesNet": -163000000,
        "incomeBeforeTax": 4099000000,
        "incomeBeforeTaxRatio": 0.1615624138,
        "incomeTaxExpense": -70000000,
        "netIncome": 4169000000,
        "netIncomeRatio": 0.1643214694,
        "eps": 3.55,
        "epsdiluted": 3.52,
        "weightedAverageShsOut": 1174000000,
        "weightedAverageShsOutDil": 1186000000,
        "link": "https://www.sec.gov/Archives/edgar/data/1633917/000163391722000027/0001633917-22-000027-index.htm",
        "finalLink": "https://www.sec.gov/Archives/edgar/data/1633917/000163391722000027/pypl-20211231.htm"
      },
      {
        "date": "2020-12-31",
        "symbol": "PYPL",
        "reportedCurrency": "USD",
        "cik": "0001633917",
        "fillingDate": "2021-02-05",
        "acceptedDate": "2021-02-04 19:30:14",
        "calendarYear": "2020",
        "period": "FY",
        "revenue": 21454000000,
        "costOfRevenue": 9675000000,
        "grossProfit": 11779000000,
        "grossProfitRatio": 0.549035145,
        "researchAndDevelopmentExpenses": 2642000000,
        "generalAndAdministrativeExpenses": 2070000000,
        "sellingAndMarketingExpenses": 1861000000,
        "sellingGeneralAndAdministrativeExpenses": 3931000000,
        "otherExpenses": 1778000000,
        "operatingExpenses": 8351000000,
        "costAndExpenses": 18026000000,
        "interestIncome": 88000000,
        "interestExpense": 209000000,
        "depreciationAndAmortization": 1399000000,
        "ebitda": 4688000000,
        "ebitdaratio": 0.21851403,
        "operatingIncome": 3289000000,
        "operatingIncomeRatio": 0.153304745,
        "totalOtherIncomeExpensesNet": 1776000000,
        "incomeBeforeTax": 5065000000,
        "incomeBeforeTaxRatio": 0.2360865107,
        "incomeTaxExpense": 863000000,
        "netIncome": 4202000000,
        "netIncomeRatio": 0.1958609117,
        "eps": 3.58,
        "epsdiluted": 3.54,
        "weightedAverageShsOut": 1173000000,
        "weightedAverageShsOutDil": 1187000000,
        "link": "https://www.sec.gov/Archives/edgar/data/1633917/000163391721000018/0001633917-21-000018-index.htm",
        "finalLink": "https://www.sec.gov/Archives/edgar/data/1633917/000163391721000018/pypl-20201231.htm"
      },
      {
        "date": "2019-12-31",
        "symbol": "PYPL",
        "reportedCurrency": "USD",
        "cik": "0001633917",
        "fillingDate": "2020-02-06",
        "acceptedDate": "2020-02-06 16:28:40",
        "calendarYear": "2019",
        "period": "FY",
        "revenue": 17772000000,
        "costOfRevenue": 8170000000,
        "grossProfit": 9602000000,
        "grossProfitRatio": 0.5402880936,
        "researchAndDevelopmentExpenses": 2085000000,
        "generalAndAdministrativeExpenses": 1711000000,
        "sellingAndMarketingExpenses": 1401000000,
        "sellingGeneralAndAdministrativeExpenses": 3112000000,
        "otherExpenses": 1615000000,
        "operatingExpenses": 6812000000,
        "costAndExpenses": 14982000000,
        "interestIncome": 197000000,
        "interestExpense": 115000000,
        "depreciationAndAmortization": 1054000000,
        "ebitda": 3773000000,
        "ebitdaratio": 0.2123002476,
        "operatingIncome": 2719000000,
        "operatingIncomeRatio": 0.1529934729,
        "totalOtherIncomeExpensesNet": 279000000,
        "incomeBeforeTax": 2998000000,
        "incomeBeforeTaxRatio": 0.168692325,
        "incomeTaxExpense": 539000000,
        "netIncome": 2459000000,
        "netIncomeRatio": 0.1383637182,
        "eps": 2.09,
        "epsdiluted": 2.07,
        "weightedAverageShsOut": 1174000000,
        "weightedAverageShsOutDil": 1188000000,
        "link": "https://www.sec.gov/Archives/edgar/data/1633917/000163391720000028/0001633917-20-000028-index.htm",
        "finalLink": "https://www.sec.gov/Archives/edgar/data/1633917/000163391720000028/pypl201910-k.htm"
      }
    ],
    "SMLR":
    [
      {
        "date": "2023-12-31",
        "symbol": "SMLR",
        "reportedCurrency": "USD",
        "cik": "0001554859",
        "fillingDate": "2024-03-07",
        "acceptedDate": "2024-03-06 18:07:11",
        "calendarYear": "2023",
        "period": "FY",
        "revenue": 68184000,
        "costOfRevenue": 6984000,
        "grossProfit": 61200000,
        "grossProfitRatio": 0.8975712777,
        "researchAndDevelopmentExpenses": 5773000,
        "generalAndAdministrativeExpenses": 14290000,
        "sellingAndMarketingExpenses": 18147000,
        "sellingGeneralAndAdministrativeExpenses": 32437000,
        "otherExpenses": 734000,
        "operatingExpenses": 38944000,
        "costAndExpenses": 45928000,
        "interestIncome": 2471000,
        "interestExpense": 0,
        "depreciationAndAmortization": 599000,
        "ebitda": 22256000,
        "ebitdaratio": 0.3264108882,
        "operatingIncome": 22256000,
        "operatingIncomeRatio": 0.3264108882,
        "totalOtherIncomeExpensesNet": 1844000,
        "incomeBeforeTax": 24100000,
        "incomeBeforeTaxRatio": 0.3534553561,
        "incomeTaxExpense": 3517000,
        "netIncome": 20583000,
        "netIncomeRatio": 0.30187434,
        "eps": 3.06,
        "epsdiluted": 2.63,
        "weightedAverageShsOut": 6732806,
        "weightedAverageShsOutDil": 7819159,
        "link": "https://www.sec.gov/Archives/edgar/data/1554859/000155485924000010/0001554859-24-000010-index.htm",
        "finalLink": "https://www.sec.gov/Archives/edgar/data/1554859/000155485924000010/smlr-20231231x10k.htm"
      },
      {
        "date": "2022-12-31",
        "symbol": "SMLR",
        "reportedCurrency": "USD",
        "cik": "0001554859",
        "fillingDate": "2023-03-23",
        "acceptedDate": "2023-03-23 17:01:56",
        "calendarYear": "2022",
        "period": "FY",
        "revenue": 56686000,
        "costOfRevenue": 4252000,
        "grossProfit": 52434000,
        "grossProfitRatio": 0.9249902974,
        "researchAndDevelopmentExpenses": 4809000,
        "generalAndAdministrativeExpenses": 12737000,
        "sellingAndMarketingExpenses": 17685000,
        "sellingGeneralAndAdministrativeExpenses": 30422000,
        "otherExpenses": -5000,
        "operatingExpenses": 35231000,
        "costAndExpenses": 39483000,
        "interestIncome": 494000,
        "interestExpense": -489000,
        "depreciationAndAmortization": 589000,
        "ebitda": 17792000,
        "ebitdaratio": 0.3138693857,
        "operatingIncome": 17203000,
        "operatingIncomeRatio": 0.3034788131,
        "totalOtherIncomeExpensesNet": 489000,
        "incomeBeforeTax": 17692000,
        "incomeBeforeTaxRatio": 0.3121052817,
        "incomeTaxExpense": 3367000,
        "netIncome": 14325000,
        "netIncomeRatio": 0.2527078997,
        "eps": 2.13,
        "epsdiluted": 1.79,
        "weightedAverageShsOut": 6726687,
        "weightedAverageShsOutDil": 7999750,
        "link": "https://www.sec.gov/Archives/edgar/data/1554859/000155485923000007/0001554859-23-000007-index.htm",
        "finalLink": "https://www.sec.gov/Archives/edgar/data/1554859/000155485923000007/smlr-20221231x10k.htm"
      },
      {
        "date": "2021-12-31",
        "symbol": "SMLR",
        "reportedCurrency": "USD",
        "cik": "0001554859",
        "fillingDate": "2022-03-04",
        "acceptedDate": "2022-03-04 16:29:01",
        "calendarYear": "2021",
        "period": "FY",
        "revenue": 53027000,
        "costOfRevenue": 6122000,
        "grossProfit": 46905000,
        "grossProfitRatio": 0.8845493805,
        "researchAndDevelopmentExpenses": 3780000,
        "generalAndAdministrativeExpenses": 9235000,
        "sellingAndMarketingExpenses": 14445000,
        "sellingGeneralAndAdministrativeExpenses": 23680000,
        "otherExpenses": 0,
        "operatingExpenses": 27460000,
        "costAndExpenses": 33582000,
        "interestIncome": 10000,
        "interestExpense": 0,
        "depreciationAndAmortization": 628000,
        "ebitda": 19445000,
        "ebitdaratio": 0.366699983,
        "operatingIncome": 19445000,
        "operatingIncomeRatio": 0.366699983,
        "totalOtherIncomeExpensesNet": 10000,
        "incomeBeforeTax": 19455000,
        "incomeBeforeTaxRatio": 0.3668885662,
        "incomeTaxExpense": 2233000,
        "netIncome": 17222000,
        "netIncomeRatio": 0.3247779433,
        "eps": 2.56,
        "epsdiluted": 2.12,
        "weightedAverageShsOut": 6731693,
        "weightedAverageShsOutDil": 8138608,
        "link": "https://www.sec.gov/Archives/edgar/data/1554859/000155485922000008/0001554859-22-000008-index.htm",
        "finalLink": "https://www.sec.gov/Archives/edgar/data/1554859/000155485922000008/smlr-20211231x10k.htm"
      },
      {
        "date": "2020-12-31",
        "symbol": "SMLR",
        "reportedCurrency": "USD",
        "cik": "0001554859",
        "fillingDate": "2021-03-09",
        "acceptedDate": "2021-03-09 17:24:15",
        "calendarYear": "2020",
        "period": "FY",
        "revenue": 38603000,
        "costOfRevenue": 3356000,
        "grossProfit": 35247000,
        "grossProfitRatio": 0.9130637515,
        "researchAndDevelopmentExpenses": 2938000,
        "generalAndAdministrativeExpenses": 6406000,
        "sellingAndMarketingExpenses": 9942000,
        "sellingGeneralAndAdministrativeExpenses": 16348000,
        "otherExpenses": 443000,
        "operatingExpenses": 19286000,
        "costAndExpenses": 22642000,
        "interestIncome": 82000,
        "interestExpense": 0,
        "depreciationAndAmortization": 576000,
        "ebitda": 15961000,
        "ebitdaratio": 0.4134652747,
        "operatingIncome": 15961000,
        "operatingIncomeRatio": 0.4134652747,
        "totalOtherIncomeExpensesNet": 525000,
        "incomeBeforeTax": 16486000,
        "incomeBeforeTaxRatio": 0.427065254,
        "incomeTaxExpense": 2479000,
        "netIncome": 14007000,
        "netIncomeRatio": 0.3628474471,
        "eps": 2.13,
        "epsdiluted": 1.74,
        "weightedAverageShsOut": 6584441,
        "weightedAverageShsOutDil": 8066561,
        "link": "https://www.sec.gov/Archives/edgar/data/1554859/000110465921033887/0001104659-21-033887-index.htm",
        "finalLink": "https://www.sec.gov/Archives/edgar/data/1554859/000110465921033887/smlr-20201231x10k.htm"
      },
      {
        "date": "2019-12-31",
        "symbol": "SMLR",
        "reportedCurrency": "USD",
        "cik": "0001554859",
        "fillingDate": "2020-03-09",
        "acceptedDate": "2020-03-09 16:31:41",
        "calendarYear": "2019",
        "period": "FY",
        "revenue": 32767000,
        "costOfRevenue": 3661000,
        "grossProfit": 29106000,
        "grossProfitRatio": 0.8882717368,
        "researchAndDevelopmentExpenses": 2479000,
        "generalAndAdministrativeExpenses": 6954000,
        "sellingAndMarketingExpenses": 8965000,
        "sellingGeneralAndAdministrativeExpenses": 15919000,
        "otherExpenses": -9000,
        "operatingExpenses": 18398000,
        "costAndExpenses": 22059000,
        "interestIncome": 2000,
        "interestExpense": 2000,
        "depreciationAndAmortization": -7000,
        "ebitda": 10701000,
        "ebitdaratio": 0.3265785699,
        "operatingIncome": 10708000,
        "operatingIncomeRatio": 0.3267921995,
        "totalOtherIncomeExpensesNet": -7000,
        "incomeBeforeTax": 10701000,
        "incomeBeforeTaxRatio": 0.3265785699,
        "incomeTaxExpense": -4383000,
        "netIncome": 15084000,
        "netIncomeRatio": 0.4603411969,
        "eps": 2.34,
        "epsdiluted": 1.88,
        "weightedAverageShsOut": 6440724,
        "weightedAverageShsOutDil": 8029909,
        "link": "https://www.sec.gov/Archives/edgar/data/1554859/000110465920030781/0001104659-20-030781-index.htm",
        "finalLink": "https://www.sec.gov/Archives/edgar/data/1554859/000110465920030781/tm205403-3_10k.htm"
      }
    ],
    "WSM":
    [
      {
        "date": "2024-01-28",
        "symbol": "WSM",
        "reportedCurrency": "USD",
        "cik": "0000719955",
        "fillingDate": "2024-03-20",
        "acceptedDate": "2024-03-20 16:17:51",
        "calendarYear": "2023",
        "period": "FY",
        "revenue": 7750652000,
        "costOfRevenue": 4448274000,
        "grossProfit": 3302378000,
        "grossProfitRatio": 0.4260774448,
        "researchAndDevelopmentExpenses": 0,
        "generalAndAdministrativeExpenses": 1542708000,
        "sellingAndMarketingExpenses": 502200000,
        "sellingGeneralAndAdministrativeExpenses": 2044908000,
        "otherExpenses": 0,
        "operatingExpenses": 2044908000,
        "costAndExpenses": 6493182000,
        "interestIncome": 29162000,
        "interestExpense": 29162000,
        "depreciationAndAmortization": 232590000,
        "ebitda": 1490060000,
        "ebitdaratio": 0.1922496327,
        "operatingIncome": 1257470000,
        "operatingIncomeRatio": 0.1622405444,
        "totalOtherIncomeExpensesNet": 15885000,
        "incomeBeforeTax": 1273355000,
        "incomeBeforeTaxRatio": 0.1642900494,
        "incomeTaxExpense": 323593000,
        "netIncome": 949762000,
        "netIncomeRatio": 0.1225396263,
        "eps": 14.71,
        "epsdiluted": 14.55,
        "weightedAverageShsOut": 64574000,
        "weightedAverageShsOutDil": 65272000,
        "link": "https://www.sec.gov/Archives/edgar/data/719955/000162828024012221/0001628280-24-012221-index.htm",
        "finalLink": "https://www.sec.gov/Archives/edgar/data/719955/000162828024012221/wsm-20240128.htm"
      },
      {
        "date": "2023-01-29",
        "symbol": "WSM",
        "reportedCurrency": "USD",
        "cik": "0000719955",
        "fillingDate": "2023-03-24",
        "acceptedDate": "2023-03-24 17:18:59",
        "calendarYear": "2022",
        "period": "FY",
        "revenue": 8674417000,
        "costOfRevenue": 4996684000,
        "grossProfit": 3677733000,
        "grossProfitRatio": 0.4239746602,
        "researchAndDevelopmentExpenses": 0,
        "generalAndAdministrativeExpenses": 1598211000,
        "sellingAndMarketingExpenses": 581100000,
        "sellingGeneralAndAdministrativeExpenses": 2179311000,
        "otherExpenses": 0,
        "operatingExpenses": 2179311000,
        "costAndExpenses": 7175995000,
        "interestIncome": 2260000,
        "interestExpense": 2260000,
        "depreciationAndAmortization": 214153000,
        "ebitda": 1712575000,
        "ebitdaratio": 0.1974282537,
        "operatingIncome": 1498422000,
        "operatingIncomeRatio": 0.1727403698,
        "totalOtherIncomeExpensesNet": 2260000,
        "incomeBeforeTax": 1500682000,
        "incomeBeforeTaxRatio": 0.173000906,
        "incomeTaxExpense": 372778000,
        "netIncome": 1127904000,
        "netIncomeRatio": 0.1300264905,
        "eps": 16.58,
        "epsdiluted": 16.32,
        "weightedAverageShsOut": 68021000,
        "weightedAverageShsOutDil": 69100000,
        "link": "https://www.sec.gov/Archives/edgar/data/719955/000162828023009175/0001628280-23-009175-index.htm",
        "finalLink": "https://www.sec.gov/Archives/edgar/data/719955/000162828023009175/wsm-20230129.htm"
      },
      {
        "date": "2022-01-30",
        "symbol": "WSM",
        "reportedCurrency": "USD",
        "cik": "0000719955",
        "fillingDate": "2022-03-28",
        "acceptedDate": "2022-03-28 17:26:27",
        "calendarYear": "2021",
        "period": "FY",
        "revenue": 8245936000,
        "costOfRevenue": 4613973000,
        "grossProfit": 3631963000,
        "grossProfitRatio": 0.4404549102,
        "researchAndDevelopmentExpenses": 0,
        "generalAndAdministrativeExpenses": 1560347000,
        "sellingAndMarketingExpenses": 618500000,
        "sellingGeneralAndAdministrativeExpenses": 2178847000,
        "otherExpenses": 0,
        "operatingExpenses": 2178847000,
        "costAndExpenses": 6792820000,
        "interestIncome": 1865000,
        "interestExpense": 1865000,
        "depreciationAndAmortization": 196087000,
        "ebitda": 1649203000,
        "ebitdaratio": 0.2000019161,
        "operatingIncome": 1453116000,
        "operatingIncomeRatio": 0.1762220808,
        "totalOtherIncomeExpensesNet": -1865000,
        "incomeBeforeTax": 1451251000,
        "incomeBeforeTaxRatio": 0.1759959088,
        "incomeTaxExpense": 324914000,
        "netIncome": 1126337000,
        "netIncomeRatio": 0.1365929835,
        "eps": 15.17,
        "epsdiluted": 14.75,
        "weightedAverageShsOut": 74272000,
        "weightedAverageShsOutDil": 76354000,
        "link": "https://www.sec.gov/Archives/edgar/data/719955/000162828022007494/0001628280-22-007494-index.htm",
        "finalLink": "https://www.sec.gov/Archives/edgar/data/719955/000162828022007494/wsm-20220130.htm"
      },
      {
        "date": "2021-01-31",
        "symbol": "WSM",
        "reportedCurrency": "USD",
        "cik": "0000719955",
        "fillingDate": "2021-03-30",
        "acceptedDate": "2021-03-30 16:54:04",
        "calendarYear": "2020",
        "period": "FY",
        "revenue": 6783189000,
        "costOfRevenue": 4146920000,
        "grossProfit": 2636269000,
        "grossProfitRatio": 0.3886474341,
        "researchAndDevelopmentExpenses": 0,
        "generalAndAdministrativeExpenses": 1399572000,
        "sellingAndMarketingExpenses": 326000000,
        "sellingGeneralAndAdministrativeExpenses": 1725572000,
        "otherExpenses": 0,
        "operatingExpenses": 1725572000,
        "costAndExpenses": 5872492000,
        "interestIncome": 16231000,
        "interestExpense": 16231000,
        "depreciationAndAmortization": 188655000,
        "ebitda": 1099352000,
        "ebitdaratio": 0.1620700824,
        "operatingIncome": 910697000,
        "operatingIncomeRatio": 0.1342579427,
        "totalOtherIncomeExpensesNet": -16231000,
        "incomeBeforeTax": 894466000,
        "incomeBeforeTaxRatio": 0.1318651154,
        "incomeTaxExpense": 213752000,
        "netIncome": 680714000,
        "netIncomeRatio": 0.1003530935,
        "eps": 8.81,
        "epsdiluted": 8.61,
        "weightedAverageShsOut": 77260000,
        "weightedAverageShsOutDil": 79055000,
        "link": "https://www.sec.gov/Archives/edgar/data/719955/000119312521100319/0001193125-21-100319-index.htm",
        "finalLink": "https://www.sec.gov/Archives/edgar/data/719955/000119312521100319/d93631d10k.htm"
      },
      {
        "date": "2020-02-02",
        "symbol": "WSM",
        "reportedCurrency": "USD",
        "cik": "0000719955",
        "fillingDate": "2020-03-27",
        "acceptedDate": "2020-03-27 17:10:26",
        "calendarYear": "2019",
        "period": "FY",
        "revenue": 5898008000,
        "costOfRevenue": 3758916000,
        "grossProfit": 2139092000,
        "grossProfitRatio": 0.3626804168,
        "researchAndDevelopmentExpenses": 0,
        "generalAndAdministrativeExpenses": 1285024000,
        "sellingAndMarketingExpenses": 388194000,
        "sellingGeneralAndAdministrativeExpenses": 1673218000,
        "otherExpenses": 0,
        "operatingExpenses": 1673218000,
        "costAndExpenses": 5432134000,
        "interestIncome": 8853000,
        "interestExpense": 8853000,
        "depreciationAndAmortization": 187759000,
        "ebitda": 653633000,
        "ebitdaratio": 0.110822671,
        "operatingIncome": 465874000,
        "operatingIncomeRatio": 0.0789883635,
        "totalOtherIncomeExpensesNet": -8853000,
        "incomeBeforeTax": 457021000,
        "incomeBeforeTaxRatio": 0.0774873483,
        "incomeTaxExpense": 100959000,
        "netIncome": 356062000,
        "netIncomeRatio": 0.060369874,
        "eps": 4.56,
        "epsdiluted": 4.49,
        "weightedAverageShsOut": 78108000,
        "weightedAverageShsOutDil": 79225000,
        "link": "https://www.sec.gov/Archives/edgar/data/719955/000119312520088937/0001193125-20-088937-index.htm",
        "finalLink": "https://www.sec.gov/Archives/edgar/data/719955/000119312520088937/d856872d10k.htm"
      }
    ],
    "ENPH":
    [
      {
        "date": "2023-12-31",
        "symbol": "ENPH",
        "reportedCurrency": "USD",
        "cik": "0001463101",
        "fillingDate": "2024-02-09",
        "acceptedDate": "2024-02-09 16:31:29",
        "calendarYear": "2023",
        "period": "FY",
        "revenue": 2290786000,
        "costOfRevenue": 1232398000,
        "grossProfit": 1058388000,
        "grossProfitRatio": 0.4620195863,
        "researchAndDevelopmentExpenses": 227336000,
        "generalAndAdministrativeExpenses": 137835000,
        "sellingAndMarketingExpenses": 231792000,
        "sellingGeneralAndAdministrativeExpenses": 369627000,
        "otherExpenses": 6509000,
        "operatingExpenses": 596963000,
        "costAndExpenses": 1829361000,
        "interestIncome": 69728000,
        "interestExpense": 8839000,
        "depreciationAndAmortization": 74708000,
        "ebitda": 612370000,
        "ebitdaratio": 0.2673187282,
        "operatingIncome": 445741000,
        "operatingIncomeRatio": 0.1945799389,
        "totalOtherIncomeExpensesNet": -9175000,
        "incomeBeforeTax": 513139000,
        "incomeBeforeTaxRatio": 0.2240012817,
        "incomeTaxExpense": 74203000,
        "netIncome": 438936000,
        "netIncomeRatio": 0.1916093428,
        "eps": 3.22,
        "epsdiluted": 3.08,
        "weightedAverageShsOut": 136376000,
        "weightedAverageShsOutDil": 143290000,
        "link": "https://www.sec.gov/Archives/edgar/data/1463101/000146310124000024/0001463101-24-000024-index.htm",
        "finalLink": "https://www.sec.gov/Archives/edgar/data/1463101/000146310124000024/enph-20231231.htm"
      },
      {
        "date": "2022-12-31",
        "symbol": "ENPH",
        "reportedCurrency": "USD",
        "cik": "0001463101",
        "fillingDate": "2023-02-13",
        "acceptedDate": "2023-02-10 20:05:59",
        "calendarYear": "2022",
        "period": "FY",
        "revenue": 2330853000,
        "costOfRevenue": 1356258000,
        "grossProfit": 974595000,
        "grossProfitRatio": 0.4181280415,
        "researchAndDevelopmentExpenses": 168846000,
        "generalAndAdministrativeExpenses": 140002000,
        "sellingAndMarketingExpenses": 215102000,
        "sellingGeneralAndAdministrativeExpenses": 355104000,
        "otherExpenses": -431000,
        "operatingExpenses": 523950000,
        "costAndExpenses": 1880208000,
        "interestIncome": 13656000,
        "interestExpense": 9438000,
        "depreciationAndAmortization": 74815000,
        "ebitda": 523076000,
        "ebitdaratio": 0.2244139806,
        "operatingIncome": 448261000,
        "operatingIncomeRatio": 0.1923162894,
        "totalOtherIncomeExpensesNet": 3787000,
        "incomeBeforeTax": 452048000,
        "incomeBeforeTaxRatio": 0.1939410164,
        "incomeTaxExpense": 54686000,
        "netIncome": 397362000,
        "netIncomeRatio": 0.1704792194,
        "eps": 2.94,
        "epsdiluted": 2.77,
        "weightedAverageShsOut": 135349000,
        "weightedAverageShsOutDil": 144390000,
        "link": "https://www.sec.gov/Archives/edgar/data/1463101/000146310123000025/0001463101-23-000025-index.htm",
        "finalLink": "https://www.sec.gov/Archives/edgar/data/1463101/000146310123000025/enph-20221231.htm"
      },
      {
        "date": "2021-12-31",
        "symbol": "ENPH",
        "reportedCurrency": "USD",
        "cik": "0001463101",
        "fillingDate": "2022-02-11",
        "acceptedDate": "2022-02-11 16:32:09",
        "calendarYear": "2021",
        "period": "FY",
        "revenue": 1382049000,
        "costOfRevenue": 827627000,
        "grossProfit": 554422000,
        "grossProfitRatio": 0.4011594379,
        "researchAndDevelopmentExpenses": 105526000,
        "generalAndAdministrativeExpenses": 104090000,
        "sellingAndMarketingExpenses": 128974000,
        "sellingGeneralAndAdministrativeExpenses": 233064000,
        "otherExpenses": 6050000,
        "operatingExpenses": 338590000,
        "costAndExpenses": 1166217000,
        "interestIncome": 695000,
        "interestExpense": 45152000,
        "depreciationAndAmortization": 33134000,
        "ebitda": 248966000,
        "ebitdaratio": 0.1801426722,
        "operatingIncome": 215832000,
        "operatingIncomeRatio": 0.1561681243,
        "totalOtherIncomeExpensesNet": -94904000,
        "incomeBeforeTax": 120928000,
        "incomeBeforeTaxRatio": 0.0874990684,
        "incomeTaxExpense": -24521000,
        "netIncome": 145449000,
        "netIncomeRatio": 0.1052415652,
        "eps": 1.09,
        "epsdiluted": 1.02,
        "weightedAverageShsOut": 134025000,
        "weightedAverageShsOutDil": 142878000,
        "link": "https://www.sec.gov/Archives/edgar/data/1463101/000146310122000016/0001463101-22-000016-index.htm",
        "finalLink": "https://www.sec.gov/Archives/edgar/data/1463101/000146310122000016/enph-20211231.htm"
      },
      {
        "date": "2020-12-31",
        "symbol": "ENPH",
        "reportedCurrency": "USD",
        "cik": "0001463101",
        "fillingDate": "2021-02-16",
        "acceptedDate": "2021-02-12 17:59:37",
        "calendarYear": "2020",
        "period": "FY",
        "revenue": 774425000,
        "costOfRevenue": 428444000,
        "grossProfit": 345981000,
        "grossProfitRatio": 0.4467585628,
        "researchAndDevelopmentExpenses": 55921000,
        "generalAndAdministrativeExpenses": 50694000,
        "sellingAndMarketingExpenses": 52927000,
        "sellingGeneralAndAdministrativeExpenses": 103621000,
        "otherExpenses": -3836000,
        "operatingExpenses": 159542000,
        "costAndExpenses": 587986000,
        "interestIncome": 2156000,
        "interestExpense": 21001000,
        "depreciationAndAmortization": 15545000,
        "ebitda": 201984000,
        "ebitdaratio": 0.2608180263,
        "operatingIncome": 186439000,
        "operatingIncomeRatio": 0.2407450689,
        "totalOtherIncomeExpensesNet": -67029000,
        "incomeBeforeTax": 119410000,
        "incomeBeforeTaxRatio": 0.1541918197,
        "incomeTaxExpense": -14585000,
        "netIncome": 133995000,
        "netIncomeRatio": 0.1730251477,
        "eps": 1.07,
        "epsdiluted": 0.95,
        "weightedAverageShsOut": 125561000,
        "weightedAverageShsOutDil": 141918000,
        "link": "https://www.sec.gov/Archives/edgar/data/1463101/000146310121000016/0001463101-21-000016-index.htm",
        "finalLink": "https://www.sec.gov/Archives/edgar/data/1463101/000146310121000016/enph-20201231.htm"
      },
      {
        "date": "2019-12-31",
        "symbol": "ENPH",
        "reportedCurrency": "USD",
        "cik": "0001463101",
        "fillingDate": "2020-02-21",
        "acceptedDate": "2020-02-21 17:26:14",
        "calendarYear": "2019",
        "period": "FY",
        "revenue": 624333000,
        "costOfRevenue": 403088000,
        "grossProfit": 221245000,
        "grossProfitRatio": 0.3543701839,
        "researchAndDevelopmentExpenses": 40381000,
        "generalAndAdministrativeExpenses": 38808000,
        "sellingAndMarketingExpenses": 36728000,
        "sellingGeneralAndAdministrativeExpenses": 75536000,
        "otherExpenses": -5437000,
        "operatingExpenses": 115917000,
        "costAndExpenses": 519005000,
        "interestIncome": 2513000,
        "interestExpense": 9691000,
        "depreciationAndAmortization": 19231000,
        "ebitda": 121960000,
        "ebitdaratio": 0.1953444716,
        "operatingIncome": 102729000,
        "operatingIncomeRatio": 0.1645419992,
        "totalOtherIncomeExpensesNet": -12615000,
        "incomeBeforeTax": 90114000,
        "incomeBeforeTaxRatio": 0.1443364358,
        "incomeTaxExpense": -71034000,
        "netIncome": 161148000,
        "netIncomeRatio": 0.2581122574,
        "eps": 1.38,
        "epsdiluted": 1.23,
        "weightedAverageShsOut": 116713000,
        "weightedAverageShsOutDil": 131644000,
        "link": "https://www.sec.gov/Archives/edgar/data/1463101/000146310120000021/0001463101-20-000021-index.htm",
        "finalLink": "https://www.sec.gov/Archives/edgar/data/1463101/000146310120000021/a2019q410-kdoc.htm"
      }
    ]
  }